% This file was created with JabRef 2.10.
% Encoding: Cp1252


@Book{ProjectIdee,
  Title                    = {Projektidee Gruppe 15 „Trip[od]“},
  Author                   = {Gruppe 15},
  Publisher                = {},
  Year                     = {2016},
  Address                  = {},
  Edition                  = {},
  Series                   = {},
  Bestand                  = {},
  ISBN                     = {},
  Keywords                 = {},
  Size                     = {},
  Url                      = {}
}

@Book{Strehmel2012,
  Title                    = {Numerik gewöhnlicher Differentialgleichungen : Nichtsteife, steife und differential-algebraische Gleichungen},
  Author                   = {Strehmel, Karl},
  Editor                   = {Weiner, Rüdiger and Podhaisky, Helmut},
  Publisher                = {Vieweg+Teubner Verlag},
  Year                     = {2012},

  Address                  = {Wiesbaden},
  Edition                  = {2., überarb. und erw. Aufl. 2012},
  Series                   = {SpringerLink : Bücher},

  Bestand                  = {Hochschulbibliothek ZHAW, Winterthur <CH-ZHAW>},
  ISBN                     = {978-3-8348-2263-5},
  Keywords                 = {Gewöhnliche Differentialgleichung / Anfangswertproblem / Numerisches Verfahren ; Steife Differentialgleichung / Anfangswertproblem / Numerisches Verfahren ; Differential-algebraisches Gleichungssystem / Anfangswertproblem / Numerisches Verfahren ; Differentialgleichung mit nacheilendem Argument / Anfangswertproblem / Numerisches Verfahren ; Numerical analysis / Mathematics},
  Size                     = {Online-Ressource (XI, 505S, digital)},
  Url                      = {http://swbplus.bsz-bw.de/bsz363411895cov.htm, http://dx.doi.org/10.1007/978-3-8348-2263-5}
}

